@Conference{akce2010remote,
  author    = {{Abdullah Akce, Miles Johnson,Timothy Bretl}},
  title     = {Remote Teleoperation of an Unmanned Aircraft with a Brain-Machine Interface: Theory and Preliminary Results},
  booktitle = {{Conference Paper in Proceedings - IEEE International Conference on Robotics and Automation}},
  year      = {2010},
}
